@article{keilson1970process,
  title={A process with chain dependent growth rate},
  author={Keilson, Julian and Rao, S Subba},
  journal={Journal of Applied Probability},
  volume={7},
  number={3},
  pages={699--711},
  year={1970},
  publisher={JSTOR}
}
